<?xml version="1.0" encoding="UTF-8"?><collection xmlns="http://www.loc.gov/MARC21/slim"><record><leader>00390nam--2200145-i-4500</leader><controlfield tag="001">000015846</controlfield><controlfield tag="002">20161230</controlfield><controlfield tag="005">20170206190310</controlfield><controlfield tag="008">060222s1000------------r-----000-0-eng-d</controlfield><datafield ind1=" " ind2=" " tag="245"><subfield code="a">Positive semigroups of operators and applications</subfield></datafield><datafield ind1=" " ind2=" " tag="260"><subfield code="a">Dordrecht</subfield><subfield code="b">D.Reidel Publishing Co</subfield><subfield code="c">1984</subfield></datafield><datafield ind1=" " ind2=" " tag="300"><subfield code="a">/211-400/ p</subfield></datafield><datafield ind1=" " ind2=" " tag="700"><subfield code="a">Bratteli, Ola</subfield></datafield><datafield ind1=" " ind2=" " tag="852"><subfield code="a">512.53</subfield></datafield><datafield ind1=" " ind2=" " tag="CAT"><subfield code="a">SYS</subfield><subfield code="c">20170206</subfield><subfield code="h">190310</subfield></datafield></record></collection>